@inproceedings{de2016big,
  title={Big linked data ETL benchmark on cloud commodity hardware},
  author={De Witte, Dieter and De Vocht, Laurens and Verborgh, Ruben and  Mannens, Erik and others},
  booktitle={Proceedings of the International Workshop on Semantic Big Data},
  pages={12},
  year={2016},
  organization={ACM}
}


@inproceedings{perez2015ringo,
  title={{Ringo: Interactive graph analytics on big-memory machines}},
  author={Perez, Yonathan and Sosi{\v{c}}, Rok and Banerjee, Arijit and Puttagunta, Rohan and Raison, Martin and Shah, Pararth and Leskovec, Jure},
  booktitle={Proceedings of the 2015 ACM SIGMOD International Conference on Management of Data},
  pages={1105--1110},
  year={2015},
  organization={ACM}
}

@inproceedings{bizer2007interlinking,
	title={Interlinking open data on the web},
	author={Bizer, Chris and Heath, Tom and Ayers, Danny and Raimond, Yves},
	booktitle={Demonstrations track, 4th european semantic web conference, innsbruck, austria},
	year={2007}
}



@inproceedings{cudre2013nosql,
  title={{NoSQL} databases for {RDF}: an empirical evaluation},
  author={Cudr{\'e}-Mauroux, Philippe and Enchev, Iliya and Fundatureanu, Sever and Groth, Paul and Haque, Albert and Harth, Andreas and Keppmann, Felix Leif and Miranker, Daniel and Sequeda, Juan F and Wylot, Marcin},
  booktitle={International Semantic Web Conference},
  pages={310--325},
  year={2013},
  organization={Springer}
}



@inproceedings{DBLP:conf/semweb/SchatzlePHL13,
  author    = {Alexander Sch{\"{a}}tzle and
               Martin Przyjaciel{-}Zablocki and
               Thomas Hornung and
               Georg Lausen},
  title     = {{PigSPARQL: {A} {SPARQL} Query Processing Baseline for Big Data}},
  booktitle = {Proceedings of the {ISWC} 2013 Posters {\&} Demonstrations Track,
               Sydney, Australia, October 23, 2013},
  pages     = {241--244},
  year      = {2013},
  crossref  = {DBLP:conf/semweb/2013p},
  url       = {http://ceur-ws.org/Vol-1035/iswc2013_poster_16.pdf},
  timestamp = {Sat, 14 Sep 2013 16:11:21 +0200},
  biburl    = {http://dblp.uni-trier.de/rec/bib/conf/semweb/SchatzlePHL13},
  bibsource = {dblp computer science bibliography, http://dblp.org}
}

@inproceedings{DBLP:conf/semweb/SchwarteHHSS11,
  author    = {Andreas Schwarte and
               Peter Haase and
               Katja Hose and
               Ralf Schenkel and
               Michael Schmidt},
  title     = {{FedX: Optimization Techniques for Federated Query Processing on Linked
               Data}},
  booktitle = {The Semantic Web - {ISWC} 2011,
               Proceedings, Part {I}},
  pages     = {601--616},
  year      = {2011},
  
}

@inproceedings{DBLP:conf/semweb/SchatzlePNL14,
  author    = {Alexander Sch{\"{a}}tzle and
               Martin Przyjaciel{-}Zablocki and
               Antony Neu and
               Georg Lausen},
  title     = {{Sempala: Interactive {SPARQL} Query Processing on Hadoop}},
  booktitle = {The Semantic Web - {ISWC} 2014 - 13th International Semantic Web Conference, Proceedings, Part {I}},
  pages     = {164--179},
  year      = {2014},
  timestamp = {Fri, 10 Oct 2014 14:01:06 +0200},
  biburl    = {http://dblp.uni-trier.de/rec/bib/conf/semweb/SchatzlePNL14},
  bibsource = {dblp computer science bibliography, http://dblp.org}
}



@incollection{szekely2015building,
  title={{Building and Using a Knowledge Graph to Combat Human Trafficking}},
  author={Szekely, Pedro and Knoblock, Craig A and Slepicka, Jason and Philpot, Andrew and Singh, Amandeep and Yin, Chengye and Kapoor and others},
  booktitle={The Semantic Web-ISWC 2015},
  pages={205--221},
  year={2015},
  publisher={Springer}
}

@article{cure2015evaluation,
  title={On the Evaluation of {RDF} Distribution Algorithms Implemented over Apache Spark},
  author={Olivier Cur{\'e} and Hubert Naacke and Mohamed Amine Baazizi and Bernd Amann},
  booktitle={SSWS@ISWC},
  year={2015}
}


@incollection{nenov2015rdfox,
  title={{RDFox: A Highly-Scalable {RDF} Store}},
  author={Nenov, Yavor and Piro, Robert and Motik, Boris and Horrocks, Ian and Wu, Zhe and Banerjee, Jay},
  booktitle={The Semantic Web-ISWC 2015},
  pages={3--20},
  year={2015},
  publisher={Springer}
}



@inproceedings{qiao2015rbench,
  title={{Rbench: Application-specific {RDF} benchmarking}},
  author={Qiao, Shi and {\"O}zsoyo{\u{g}}lu, Z Meral},
  booktitle={Proceedings of the 2015 ACM SIGMOD International Conference on Management of Data},
  pages={1825--1838},
  year={2015},
  organization={ACM}
}

@inproceedings{schmidt2009sp,
  title={{SP\^{} 2Bench: a SPARQL performance benchmark}},
  author={Schmidt, Michael and Hornung, Thomas and Lausen, Georg and Pinkel, Christoph},
  booktitle={Data Engineering, 2009. ICDE'09. IEEE 25th International Conference on},
  pages={222--233},
  year={2009},
  organization={IEEE}
}

@article{wu2014biobenchmark,
  title={{BioBenchmark Toyama 2012: an evaluation of the performance of triple stores on biological data}},
  author={Wu, Hongyan and Fujiwara, Toyofumi and Yamamoto, Yasunori and Bolleman, Jerven and Yamaguchi, Atsuko},
  journal={Journal of biomedical semantics},
  volume={5},
  number={1},
  pages={1},
  year={2014},
  publisher={BioMed Central}
}

@article{morsey2011dbpedia,
  title={{DBpedia SPARQL benchmark--performance assessment with real queries on real data}},
  author={Morsey, Mohamed and Lehmann, Jens and Auer, S{\"o}ren and Ngonga Ngomo, Axel-Cyrille},
  journal={The Semantic Web--ISWC 2011},
  pages={454--469},
  year={2011},
  publisher={Springer}
}

@inproceedings{DBLP:conf/sigmod/DuanKSU11,
  author    = {Songyun Duan and
               Anastasios Kementsietsidis and
               Kavitha Srinivas and
               Octavian Udrea},
  title     = {{Apples and oranges: a comparison of {RDF} benchmarks and real {RDF}}
               datasets},
  booktitle = {Proceedings of the {ACM} {SIGMOD} International Conference on Management
               of Data},
  pages     = {145--156},
  year      = {2011},
}

@article{guo2005lubm,
  title={{LUBM: A benchmark for OWL knowledge base systems}},
  author={Guo, Yuanbo and Pan, Zhengxiang and Heflin, Jeff},
  journal={Web Semantics: Science, Services and Agents on the World Wide Web},
  volume={3},
  number={2},
  pages={158--182},
  year={2005},
  publisher={Elsevier}
}


@inproceedings{DBLP:conf/semweb/VerborghHMHVSCCMW14,
  title={Querying datasets on the web with high availability},
  author={Verborgh, Ruben and Hartig, Olaf and De Meester, Ben and Haesendonck, Gerald and De Vocht, Laurens and Vander Sande, Miel and Cyganiak, Richard and Colpaert, Pieter and Mannens, Erik and Van de Walle, Rik},
  booktitle={International Semantic Web Conference},
  pages={180--196},
  year={2014},
  organization={Springer}
}



@article{bizer2009berlin,
  title={{The Berlin SPARQL Benchmark}},
  author={Bizer, Christian and Schultz, Andreas},
  journal={International Journal on Semantic Web and Information Systems (IJSWIS)},
  volume={5},
  number={2},
  pages={1--24},
  year={2009},
  publisher={IGI Global}
}

@inproceedings{alucc2014diversified,
  title={Diversified stress testing of RDF data management systems},
  author={Alu{\c{c}}, G{\"u}ne{\c{s}} and Hartig, Olaf and {\"O}zsu, M Tamer and Daudjee, Khuzaima},
  booktitle={International Semantic Web Conference},
  pages={197--212},
  year={2014},
  organization={Springer}
}


@article{angles2014linked,
  title={{The linked data benchmark council: a graph and {RDF} industry benchmarking effort}},
  author={Angles, Renzo and Boncz, Peter and Larriba-Pey, Josep and Fundulaki, Irini and Neumann, Thomas and Erling, Orri and Neubauer, Peter and others},
  journal={ACM SIGMOD Record},
  volume={43},
  number={1},
  pages={27--31},
  year={2014},
  publisher={ACM}
}

@article{DBLP:journals/ws/FernandezMGPA13,
  author    = {Javier D. Fern{\'{a}}ndez and
               Miguel A. Mart{\'{\i}}nez{-}Prieto and
               Claudio Guti{\'{e}}rrez and
               Axel Polleres and
               Mario Arias},
  title     = {{Binary {RDF} representation for publication and exchange {(HDT)}}},
  journal   = {Journal of Web Semantics},
  volume    = {19},
  pages     = {22--41},
  year      = {2013},
  timestamp = {Wed, 24 Apr 2013 16:22:41 +0200},
  biburl    = {http://dblp.uni-trier.de/rec/bib/journals/ws/FernandezMGPA13},
  bibsource = {dblp computer science bibliography, http://dblp.org}
}

@inproceedings{DBLP:conf/esws/Gimenez-GarciaF15,
  author    = {Jos{\'{e}} M. Gim{\'{e}}nez{-}Garc{\'{\i}}a and
               Javier D. Fern{\'{a}}ndez and
               Miguel A. Mart{\'{\i}}nez{-}Prieto},
  title     = {{{HDT-MR:} {A} Scalable Solution for {RDF} Compression with {HDT} and
               MapReduce}},
  booktitle = {The Semantic Web. Latest Advances and New Domains - 12th European
               Semantic Web Conference {ESWC}},
  pages     = {253--268},
  year      = {2015},
  crossref  = {DBLP:conf/esws/2015},
  timestamp = {Thu, 03 Sep 2015 11:21:30 +0200},
  biburl    = {http://dblp.uni-trier.de/rec/bib/conf/esws/Gimenez-GarciaF15},
  bibsource = {dblp computer science bibliography, http://dblp.org}
}





@ARTICLE{bowman:reasoning,
	AUTHOR = "Mic Bowman and Saumya K. Debray and Larry L. Peterson",
	TITLE = {{"Reasoning About Naming Systems"}},
	JOURNAL = "ACM Trans. Program. Lang. Syst.",
	VOLUME = {15},
	NUMBER = {5},
	PAGES = {795-825},
	MONTH = "November",
	YEAR = {1993}	}

@ARTICLE{braams:babel,
	AUTHOR = "Johannes Braams",
	TITLE = {{"Babel, a Multilingual Style-Option System for Use with LaTeX's Standard Document Styles"}},
	JOURNAL = {TUGboat},
	VOLUME = {12},
	NUMBER = {2},
	PAGES = {291-301},
	MONTH = "June",
	YEAR = {1991}	}

@INPROCEEDINGS{clark:pct,
	AUTHOR = "Malcolm Clark",
	TITLE = {{"Post Congress Tristesse"}},
	BOOKTITLE = "TeX90 Conference Proceedings",
	PAGES = "84-89",
	ORGANIZATION = "TeX Users Group",
	MONTH = "March", 
	YEAR = {1991}	}

@ARTICLE{herlihy:methodology,
	AUTHOR = "Maurice Herlihy",
	TITLE = {{"A Methodology for Implementing Highly Concurrent
	Data Objects"}},
	JOURNAL = {ACM Trans. Program. Lang. Syst.},
	VOLUME = {15},
	NUMBER = {5},
	PAGES = {745-770},
	MONTH = "November",
	YEAR = {1993}	}

@BOOK{Lamport:LaTeX,
	AUTHOR = "Leslie Lamport",
	TITLE = {{"LaTeX User's Guide and Document Reference Manual"}},
	PUBLISHER = "Addison-Wesley Publishing Company",
	ADDRESS = "Reading, Massachusetts",
	YEAR = "1986"	}

@BOOK{salas:calculus,
	AUTHOR = "S.L. Salas and Einar Hille",
	TITLE = {{"Calculus: One and Several Variable"}},
	PUBLISHER = "John Wiley and Sons",
	ADDRESS = "New York",
	YEAR = "1978"	}

@proceedings{DBLP:conf/semweb/2011-1,
  editor.bak= {Lora Aroyo and
               Chris Welty and
               Harith Alani and
               Jamie Taylor and
               Abraham Bernstein and
               Lalana Kagal and
               Natasha Fridman Noy and
               Eva Blomqvist},
  title     = {The Semantic Web - {ISWC} 2011 - 10th International Semantic Web Conference,
               Bonn, Germany, October 23-27, 2011, Proceedings, Part {I}},
  series    = {Lecture Notes in Computer Science},
  volume    = {7031},
  publisher = {Springer},
  year      = {2011},
  isbn      = {978-3-642-25072-9},
  timestamp = {Wed, 19 Oct 2011 13:57:22 +0200},
  biburl    = {http://dblp2.uni-trier.de/rec/bib/conf/semweb/2011-1},
  bibsource = {dblp computer science bibliography, http://dblp.org}
}

@article{LDBC,
 author = {Angles, Renzo and Boncz, Peter and Larriba-Pey, Josep and Fundulaki, Irini and Neumann, Thomas and Erling, Orri and Neubauer, Peter and others},
 title = {The Linked Data Benchmark Council: A Graph and {RDF} Industry Benchmarking Effort},
 journal = {SIGMOD Rec.},
 issue_date = {March 2014},
 volume = {43},
 number = {1},
 month = may,
 year = {2014},
 issn = {0163-5808},
 pages = {27--31},
 numpages = {5},
 acmid = {2627697},
 publisher = {ACM},
 address = {New York, NY, USA},
} 

@article{HOBBIT,
  title={{HOBBIT}: Holistic benchmarking for big linked data},
  author={Ngomo, Axel-Cyrille Ngonga and R{\"o}der, Michael}
}

@techreport{Ferre,
  TITLE = {{Semantic Faceted Search: Safe and Expressive Navigation in {RDF} Graphs}},
  AUTHOR = {Ferr{\'e}, S{\'e}bastien and Hermann, Alice and Ducass{\'e}, Mireille},
  URL = {https://hal.inria.fr/inria-00554093},
  TYPE = {Research Report},
  NUMBER = {PI 1964},
  PAGES = {27},
  YEAR = {2011},
  MONTH = Jan,
  PDF = {https://hal.inria.fr/inria-00554093/file/PI-1964.pdf},
  HAL_ID = {inria-00554093},
  HAL_VERSION = {v1},
}

@Inbook{Oren,
author="Oren, Eyal
and Delbru, Renaud
and Decker, Stefan",
editor="Cruz, Isabel
and Decker, Stefan
and Allemang, Dean
and Preist, Chris
and Schwabe, Daniel
and Mika, Peter
and Uschold, Mike
and Aroyo, Lora M.",
title="Extending Faceted Navigation for {RDF} Data",
bookTitle="The Semantic Web - ISWC 2006: 5th International Semantic Web Conference, ISWC 2006, Athens, GA, USA, November 5-9, 2006. Proceedings",
year="2006",
publisher="Springer Berlin Heidelberg",
address="Berlin, Heidelberg",
pages="559--572",
isbn="978-3-540-49055-5",
}

@article{Groth,
title = "On the formulation of performant \{SPARQL\} queries ",
journal = "Web Semantics: Science, Services and Agents on the World Wide Web ",
volume = "31",
number = "",
pages = "1 - 26",
year = "2015",
note = "",
issn = "1570-8268",
url = "http://www.sciencedirect.com/science/article/pii/S1570826814001061",
author = "Antonis Loizou and Renzo Angles and Paul Groth",
keywords = "SPARQL",
keywords = "Heuristics",
keywords = "Optimisation",
keywords = "RDF store",
keywords = "Data integration",
keywords = "Biomedical data "
}

@inproceedings{Suchanek,
 author = {Suchanek, Fabian M. and Kasneci, Gjergji and Weikum, Gerhard},
 title = {Yago: A Core of Semantic Knowledge},
 booktitle = {Proceedings of the 16th International Conference on World Wide Web},
 series = {WWW '07},
 year = {2007},
 isbn = {978-1-59593-654-7},
 location = {Banff, Alberta, Canada},
 pages = {697--706},
 numpages = {10},
 acmid = {1242667},
 publisher = {ACM},
 address = {New York, NY, USA},
 keywords = {WordNet, wikipedia},
} 

@techreport{abadi2007using,
  title={Using the Barton libraries dataset as an {RDF} benchmark},
  author={Abadi, D and Marcus, Adam and Madden, Samuel and Hollenbach, Kate},
  year={2007}
}

@inproceedings{patni2010linked,
  title={Linked sensor data},
  author={Patni, Harshal and Henson, Cory and Sheth, Amit},
  booktitle={Collaborative Technologies and Systems (CTS), 2010 International Symposium on},
  pages={362--370},
  year={2010},
  organization={IEEE}
}

@article{miller1995wordnet,
  title={WordNet: a lexical database for English},
  author={Miller, George A},
  journal={Communications of the ACM},
  volume={38},
  number={11},
  pages={39--41},
  year={1995},
  publisher={ACM}
}

@inproceedings{saleem2015feasible,
  title={FEASIBLE: a feature-based {SPARQL} benchmark generation framework},
  author={Saleem, Muhammad and Mehmood, Qaiser and Ngomo, Axel-Cyrille Ngonga},
  booktitle={International Semantic Web Conference},
  pages={52--69},
  year={2015},
  organization={Springer}
}



@article{Saleem,
  title={Big{RDFB}ench: A Billion Triples Benchmark for {SPARQL} Endpoint Federation},
  author={Saleem, Muhammad and Hasnain, Ali and Ngomo, Axel-Cyrille Ngonga},
  publisher={Citeseer}
}


@article{saleem2016fine,
  title={A fine-grained evaluation of {SPARQL} endpoint federation systems},
  author={Saleem, Muhammad and Khan, Yasar and Hasnain, Ali and Ermilov, Ivan and Ngonga Ngomo, Axel-Cyrille},
  journal={Semantic Web},
  volume={7},
  number={5},
  pages={493--518},
  year={2016},
  publisher={IOS Press}
}


@inproceedings{Schmidt2011,
  title={Fedbench: A benchmark suite for federated semantic data query processing},
  author={Schmidt, Michael and G{\"o}rlitz, Olaf and Haase, Peter and Ladwig, G{\"u}nter and Schwarte, Andreas and Tran, Thanh},
  booktitle={International Semantic Web Conference},
  pages={585--600},
  year={2011},
  organization={Springer}
}



@article{Picalausa2011,
abstract = {We present statistics on real world {SPARQL} queries that may be of interest for building {SPARQL} query processing engines and benchmarks. 
In particular, we analyze the syntactical structure of queries in a log of about 3 million queries, harvested from the DBPedia {SPARQL} endpoint. 
Although a sizable portion of the log is shown to consist of so-called conjunctive {SPARQL} queries, 
non-conjunctive queries that use {SPARQL}'s union or optional operators are more than substantial. 
It is known, however, that query evaluation quickly becomes hard for queries including the non-conjunctive operators union or optional. 
We therefore drill deeper into the syntactical structure of the queries that are not conjunctive and show that in 50{\%} of the cases, 
these queries satisfy certain structural restrictions that imply tractable evaluation in theory. 
We hope that the identiﬁcation of these restrictions can aid in the future development of practical heuristics for processing non-conjunctive {SPARQL} queries.},
author = {Picalausa, Francois and Vansummeren, Stijn},
isbn = {9781450306515},
journal = {Proceedings of the International Workshop on Semantic Web Information Management - SWIM '11},
keywords = {acyclicity,conjunctive queries,log analysis,sparql},
pages = {1--6},
title = {{What are real {SPARQL} queries like?}},
year = {2011}
}

@inproceedings{DBLP:journals/corr/abs-1103-5043,
  title={An empirical study of real-world SPARQL queries},
  author={Gallego, Mario Arias and Fern{\'a}ndez, Javier D and Mart{\'\i}nez-Prieto, Miguel A and de la Fuente, Pablo},
  booktitle={USEWOD workshop},
  year={2011}
}


@article{Bateman2015,
abstract = {UniProt is an important collection of protein sequences and their annotations, which has doubled in size to 80 million sequences during the past year. This growth in sequences has prompted an extension of UniProt accession number space from 6 to 10 characters. An increasing fraction of new sequences are identical to a sequence that already exists in the database with the majority of sequences coming from genome sequencing projects. We have created a new proteome identifier that uniquely identifies a particular assembly of a species and strain or subspecies to help users track the provenance of sequences. We present a new website that has been designed using a user-experience design process. We have introduced an annotation score for all entries in UniProt to represent the relative amount of knowledge known about each protein. These scores will be helpful in identifying which proteins are the best characterized and most informative for comparative analysis. All UniProt data is provided freely and is available on the web at http://www.uniprot.org/.},
author = {Bateman, Alex and Martin, Maria Jesus and O'Donovan, Claire and Magrane, Michele and Apweiler, Rolf and Alpi, Emanuele and Antunes, Ricardo and Arganiska, Joanna and Bely, Benoit and Bingley, Mark and Bonilla, Carlos and Britto, Ramona and Bursteinas, Borisas and Chavali, Gayatri and Cibrian-Uhalte, Elena and {Da Silva}, Alan and {De Giorgi}, Maurizio and Dogan, Tunca and Fazzini, Francesco and Gane, Paul and Castro, Leyla Garcia and Garmiri, Penelope and Hatton-Ellis, Emma and Hieta, Reija and Huntley, Rachael and Legge, Duncan and Liu, Wudong and Luo, Jie and Macdougall, Alistair and Mutowo, Prudence and Nightingale, Andrew and Orchard, Sandra and Pichler, Klemens and Poggioli, Diego and Pundir, Sangya and Pureza, Luis and Qi, Guoying and Rosanoff, Steven and Saidi, Rabie and Sawford, Tony and Shypitsyna, Aleksandra and Turner, Edward and Volynkin, Vladimir and Wardell, Tony and Watkins, Xavier and Zellner, Hermann and Cowley, Andrew and Figueira, Luis and Li, Weizhong and McWilliam, Hamish and Lopez, Rodrigo and Xenarios, Ioannis and Bougueleret, Lydie and Bridge, Alan and Poux, Sylvain and Redaschi, Nicole and Aimo, Lucila and Argoud-Puy, Ghislaine and Auchincloss, Andrea and Axelsen, Kristian and Bansal, Parit and Baratin, Delphine and Blatter, Marie Claude and Boeckmann, Brigitte and Bolleman, Jerven and Boutet, Emmanuel and Breuza, Lionel and Casal-Casas, Cristina and {De Castro}, Edouard and Coudert, Elisabeth and Cuche, Beatrice and Doche, Mikael and Dornevil, Dolnide and Duvaud, Severine and Estreicher, Anne and Famiglietti, Livia and Feuermann, Marc and Gasteiger, Elisabeth and Gehant, Sebastien and Gerritsen, Vivienne and Gos, Arnaud and Gruaz-Gumowski, Nadine and Hinz, Ursula and Hulo, Chantal and Jungo, Florence and Keller, Guillaume and Lara, Vicente and Lemercier, Philippe and Lieberherr, Damien and Lombardot, Thierry and Martin, Xavier and Masson, Patrick and Morgat, Anne and Neto, Teresa and Nouspikel, Nevila and Paesano, Salvo and Pedruzzi, Ivo and Pilbout, Sandrine and Pozzato, Monica and Pruess, Manuela and Rivoire, Catherine and Roechert, Bernd and Schneider, Michel and Sigrist, Christian and Sonesson, Karin and Staehli, Sylvie and Stutz, Andre and Sundaram, Shyamala and Tognolli, Michael and Verbregue, Laure and Veuthey, Anne Lise and Wu, Cathy H. and Arighi, Cecilia N. and Arminski, Leslie and Chen, Chuming and Chen, Yongxing and Garavelli, John S. and Huang, Hongzhan and Laiho, Kati and McGarvey, Peter and Natale, Darren A. and Suzek, Baris E. and Vinayaka, C. R. and Wang, Qinghua and Wang, Yuqi and Yeh, Lai Su and Yerramalla, Meher Shruti and Zhang, Jian},
file = {:home/ddewitte/Documents/Mendeley Desktop/0120{\_}Uniprot.pdf:pdf},
isbn = {13624962 (Electronic)},
issn = {13624962},
journal = {Nucleic Acids Research},
number = {D1},
pages = {D204--D212},
pmid = {25348405},
title = {{UniProt: A hub for protein information}},
volume = {43},
year = {2015}
}

@inproceedings{dewitte_swat4ls_2016,
  author = {De Witte, Dieter and De Vocht, Laurens and Knecht, Kenny and Pattyn, Filip and Constandt, Hans and Mannens, Erik and Verborgh, Ruben},
  title = {Scaling out federated queries for life science data in production},
  booktitle = {Proceedings of the 9th International Conference on Semantic Web Applications and Tools for Life Sciences},
  year = 2016,
  month = dec,
}

@article{Schatzle:2016:SRQ:2977797.2977806,
 author = {Sch\"{a}tzle, Alexander and Przyjaciel-Zablocki, Martin and Skilevic, Simon and Lausen, Georg},
 title = {{S2RDF}: {RDF} Querying with {SPARQL} on Spark},
 journal = {Proc. VLDB Endow.},
 issue_date = {June 2016},
 volume = {9},
 number = {10},
 month = jun,
 year = {2016},
 issn = {2150-8097},
 pages = {804--815},
 numpages = {12},
 acmid = {2977806},
 publisher = {VLDB Endowment},
} 

@article{verborgh_jws_2016,
  title = {{Triple Pattern Fragments:} a Low-cost Knowledge Graph Interface for the {Web}},
  author = {Verborgh, Ruben and Vander Sande, Miel and Hartig, Olaf and Van Herwegen, Joachim and De Vocht, Laurens and De Meester, Ben and Haesendonck, Gerald and Colpaert, Pieter},
  journal = {Journal of Web Semantics},
  month = mar,
  year = 2016,
  volume = {37--38},
  pages = {184--206},
  issn = {1570-8268},

  url = {http://linkeddatafragments.org/publications/jws2016.pdf},
}

@Inbook{Acosta2011,
author="Acosta, Maribel
and Vidal, Maria-Esther
and Lampo, Tomas
and Castillo, Julio
and Ruckhaus, Edna",
editor="Aroyo, Lora
and Welty, Chris
and Alani, Harith
and Taylor, Jamie
and Bernstein, Abraham
and Kagal, Lalana
and Noy, Natasha
and Blomqvist, Eva",
title="ANAPSID: An Adaptive Query Processing Engine for {SPARQL} Endpoints",
bookTitle="The Semantic Web -- ISWC 2011: 10th International Semantic Web Conference, Bonn, Germany, October 23-27, 2011, Proceedings, Part I",
year="2011",
publisher="Springer Berlin Heidelberg",
address="Berlin, Heidelberg",
pages="18--34",
isbn="978-3-642-25073-6",
}

@article{Zeng,
 author = {Zeng, Kai and Yang, Jiacheng and Wang, Haixun and Shao, Bin and Wang, Zhongyuan},
 title = {A Distributed Graph Engine for Web Scale {RDF} Data},
 journal = {Proc. VLDB Endow.},
 issue_date = {February 2013},
 volume = {6},
 number = {4},
 month = feb,
 year = {2013},
 issn = {2150-8097},
 pages = {265--276},
 numpages = {12},
 acmid = {2488333},
 publisher = {VLDB Endowment},
} 

@Inbook{Harth,
author="Harth, Andreas
and Umbrich, J{\"u}rgen
and Hogan, Aidan
and Decker, Stefan",
editor="Aberer, Karl
and Choi, Key-Sun
and Noy, Natasha
and Allemang, Dean
and Lee, Kyung-Il
and Nixon, Lyndon
and Golbeck, Jennifer
and Mika, Peter
and Maynard, Diana
and Mizoguchi, Riichiro
and Schreiber, Guus
and Cudr{\'e}-Mauroux, Philippe",
title="YARS2: A Federated Repository for Querying Graph Structured Data from the Web",
bookTitle="The Semantic Web: 6th International Semantic Web Conference, 2nd Asian Semantic Web Conference, ISWC 2007 + ASWC 2007, Busan, Korea, November 11-15, 2007. Proceedings",
year="2007",
publisher="Springer Berlin Heidelberg",
address="Berlin, Heidelberg",
pages="211--224",
isbn="978-3-540-76298-0",
}

@inproceedings{Stegmaier_evaluationof,
  title={Evaluation of current {RDF} database solutions},
  author={Stegmaier, Florian and Gr{\"o}bner, Udo and D{\"o}ller, Mario and Kosch, Harald and Baese, Gero},
  booktitle={Proceedings of the 10th International Workshop on Semantic Multimedia Database Technologies (SeMuDaTe), 4th International Conference on Semantics And Digital Media Technologies (SAMT)},
  pages={39--55},
  year={2009},
  organization={Citeseer}
}

@article{graux2016multi,
  title={A Multi-Criteria Experimental Ranking of Distributed {SPARQL} Evaluators},
  author={Graux, Damien and Jachiet, Louis and Genev{\`e}s, Pierre and Laya{\"i}da, Nabil},
  year={2016}
}

@article{kotsevbenchmarking,
  title={Benchmarking {RDF} Query Engines: The {LDBC} Semantic Publishing Benchmark},
  author={Kotsev, V and Minadakis, N and Papakonstantinou, V and Erling, O and Fundulaki, I and Kiryakov, A}
}

@inproceedings{hernandez2016querying,
  title={Querying Wikidata: Comparing {SPARQL}, Relational and Graph Databases},
  author={Hern{\'a}ndez, Daniel and Hogan, Aidan and Riveros, Cristian and Rojas, Carlos and Zerega, Enzo},
  booktitle={International Semantic Web Conference},
  pages={88--103},
  year={2016},
  organization={Springer}
}

@inproceedings{Boncz:2013:LBG:2513591.2527070,
 author = {Boncz, Peter},
 title = {{LDBC}: Benchmarks for Graph and {RDF} Data Management},
 booktitle = {Proceedings of the 17th International Database Engineering \& Applications Symposium},
 series = {IDEAS '13},
 year = {2013},
 isbn = {978-1-4503-2025-2},
 location = {Barcelona, Spain},
 pages = {1--2},
 numpages = {2},
 acmid = {2527070},
 publisher = {ACM},
 address = {New York, NY, USA},
} 

@inproceedings{erling2015ldbc,
  title={The {LDBC} social network benchmark: Interactive workload},
  author={Erling, Orri and Averbuch, Alex and Larriba-Pey, Josep and Chafi, Hassan and Gubichev, Andrey and Prat, Arnau and Pham, Minh-Duc and Boncz, Peter},
  booktitle={Proceedings of the 2015 ACM SIGMOD International Conference on Management of Data},
  pages={619--630},
  year={2015},
  organization={ACM}
}

@article{Iosup:2016:LGB:3007263.3007270,
 author = {Iosup, Alexandru and Hegeman, Tim and Ngai, Wing Lung and Heldens, Stijn and Prat-P{\'e}rez, Arnau and Manhardto, Thomas and Chafio, Hassan and Capot\u{a}, Mihai and Sundaram, Narayanan and Anderson, Michael and T\u{a}nase, Ilie Gabriel and Xia, Yinglong and Nai, Lifeng and Boncz, Peter},
 title = {{LDBC} Graphalytics: A Benchmark for Large-scale Graph Analysis on Parallel and Distributed Platforms},
 journal = {Proc. VLDB Endow.},
 issue_date = {September 2016},
 volume = {9},
 number = {13},
 month = sep,
 year = {2016},
 issn = {2150-8097},
 pages = {1317--1328},
 numpages = {12},
 acmid = {3007270},
 publisher = {VLDB Endowment},
} 

@inproceedings{gorlitz2012splodge,
  title={SPLODGE: systematic generation of {SPARQL} benchmark queries for linked open data},
  author={G{\"o}rlitz, Olaf and Thimm, Matthias and Staab, Steffen},
  booktitle={International Semantic Web Conference},
  pages={116--132},
  year={2012},
  organization={Springer}
}

@inproceedings{schatzle2011pigsparql,
  title={{PigSPARQL}: Mapping {SPARQL} to pig latin},
  author={Sch{\"a}tzle, Alexander and Przyjaciel-Zablocki, Martin and Lausen, Georg},
  booktitle={Proceedings of the International Workshop on Semantic Web Information Management},
  pages={4},
  year={2011},
  organization={ACM}
}

@inproceedings{ladwig2011cumulusrdf,
  title={{CumulusRDF}: linked data management on nested key-value stores},
  author={Ladwig, G{\"u}nter and Harth, Andreas},
  booktitle={The 7th International Workshop on Scalable Semantic Web Knowledge Base Systems (SSWS 2011)},
  pages={30},
  year={2011}
}

@inproceedings{papailiou2013h,
  title={H2RDF+: High-performance distributed joins over large-scale {RDF} graphs},
  author={Papailiou, Nikolaos and Konstantinou, Ioannis and Tsoumakos, Dimitrios and Karras, Panagiotis and Koziris, Nectarios},
  booktitle={Big Data, 2013 IEEE International Conference on},
  pages={255--263},
  year={2013},
  organization={IEEE}
}

@inproceedings{schatzle2014sempala,
  title={Sempala: interactive {SPARQL} query processing on hadoop},
  author={Sch{\"a}tzle, Alexander and Przyjaciel-Zablocki, Martin and Neu, Antony and Lausen, Georg},
  booktitle={International Semantic Web Conference},
  pages={164--179},
  year={2014},
  organization={Springer}
}

@inproceedings{rohloff2010high,
  title={High-performance, massively scalable distributed systems using the MapReduce software framework: the SHARD triple-store},
  author={Rohloff, Kurt and Schantz, Richard E},
  booktitle={Programming Support Innovations for Emerging Distributed Applications},
  pages={4},
  year={2010},
  organization={ACM}
}

@inproceedings{gorlitz2011splendid,
  title={Splendid: {SPARQL} endpoint federation exploiting void descriptions},
  author={G{\"o}rlitz, Olaf and Staab, Steffen},
  booktitle={Proceedings of the Second International Conference on Consuming Linked Data-Volume 782},
  pages={13--24},
  year={2011},
  organization={CEUR-WS. org}
}

@inproceedings{saleem2014hibiscus,
  title={Hibiscus: Hypergraph-based source selection for {SPARQL} endpoint federation},
  author={Saleem, Muhammad and Ngomo, Axel-Cyrille Ngonga},
  booktitle={European Semantic Web Conference},
  pages={176--191},
  year={2014},
  organization={Springer}
}

@article{neumann2010rdf,
  title={The {RDF-3X} engine for scalable management of {RDF} data},
  author={Neumann, Thomas and Weikum, Gerhard},
  journal={The VLDB Journal - The International Journal on Very Large Data Bases},
  volume={19},
  number={1},
  pages={91--113},
  year={2010},
  publisher={Springer-Verlag New York, Inc.}
}

@article{zou2011gstore,
  title={gStore: answering {SPARQL} queries via subgraph matching},
  author={Zou, Lei and Mo, Jinghui and Chen, Lei and {\"O}zsu, M Tamer and Zhao, Dongyan},
  journal={Proceedings of the VLDB Endowment},
  volume={4},
  number={8},
  pages={482--493},
  year={2011},
  publisher={VLDB Endowment}
}

@inproceedings{harris20094store,
  title={4store: The design and implementation of a clustered {RDF} store},
  author={Harris, Steve and Lamb, Nick and Shadbolt, Nigel},
  booktitle={5th International Workshop on Scalable Semantic Web Knowledge Base Systems (SSWS2009)},
  pages={94--109},
  year={2009}
}

@inproceedings{khadilkar2012jena,
  title={{Jena-HBase:} A distributed, scalable and efficient {RDF} triple store},
  author={Khadilkar, Vaibhav and Kantarcioglu, Murat and Thuraisingham, Bhavani and Castagna, Paolo},
  booktitle={Proceedings of the 2012th International Conference on Posters \& Demonstrations Track-Volume 914},
  pages={85--88},
  year={2012},
  organization={CEUR-WS. org}
}

@inproceedings{boncz2005monetdb,
  title={Monet{DB/X}100: Hyper-Pipelining Query Execution.},
  author={Boncz, Peter A and Zukowski, Marcin and Nes, Niels},
  booktitle={CIDR},
  volume={5},
  pages={225--237},
  year={2005}
}

@inproceedings{ghemawat2003google,
  title={The Google file system},
  author={Ghemawat, Sanjay and Gobioff, Howard and Leung, Shun-Tak},
  booktitle={ACM SIGOPS operating systems review},
  volume={37},
  number={5},
  pages={29--43},
  year={2003},
  organization={ACM}
}

@article{antezana2009cell,
  title={The Cell Cycle Ontology: an application ontology for the representation and integrated analysis of the cell cycle process},
  author={Antezana, Erick and Ega{\~n}a, Mikel and Blond{\'e}, Ward and Illarramendi, Aitzol and Bilbao, I{\~n}aki and De Baets, Bernard and Stevens, Robert and Mironov, Vladimir and Kuiper, Martin},
  journal={Genome Biology},
  volume={10},
  number={5},
  pages={R58},
  year={2009},
  publisher={BioMed Central}
}

@article{yamamoto2011allie,
  title={Allie: a database and a search service of abbreviations and long forms},
  author={Yamamoto, Yasunori and Yamaguchi, Atsuko and Bono, Hidemasa and Takagi, Toshihisa},
  journal={Database},
  volume={2011},
  year={2011},
  publisher={Oxford University Press}
}

@article{kinjo2011protein,
  title={Protein Data Bank Japan (PDBj): maintaining a structural data archive and resource description framework format},
  author={Kinjo, Akira R and Suzuki, Hirofumi and Yamashita, Reiko and Ikegawa, Yasuyo and Kudou, Takahiro and Igarashi, Reiko and Kengaku, Yumiko and Cho, Hasumi and Standley, Daron M and Nakagawa, Atsushi and others},
  journal={Nucleic acids research},
  year={2011},
  publisher={Oxford Univ Press}
}

@article{uniprot2014uniprot,
  title={UniProt: a hub for protein information},
  author={UniProt Consortium and others},
  journal={Nucleic acids research},
  year={2014},
  publisher={Oxford Univ Press}
}

@article{tateno2002dna,
  title={DNA Data Bank of Japan (DDBJ) for genome scale research in life science},
  author={Tateno, Yoshio and Imanishi, Tadashi and Miyazaki, Satoru and Fukami-Kobayashi, Kaoru and Saitou, Naruya and Sugawara, Hideaki and Gojobori, Takashi},
  journal={Nucleic acids research},
  volume={30},
  number={1},
  pages={27--30},
  year={2002},
  publisher={Oxford Univ Press}
}

@manual{ontoforcewebsite,
      title  = "Ontoforce - Powering Citizen Data Science",
      url    = "http://www.ontoforce.com",
      year   = "Accessed August 31, 2018"
}

@manual{disqover,
      title  = "DISQOVER",
      url    = "https://www.disqover.com/",
      year   = "Accessed August 31, 2018"
}

@manual{fluidops,
      title  = "Veritas - The leader in Enterprise Data Protection",
      url    = "https://www.veritas.com/?ref=fluidops",
      year   = "Accessed August 31, 2018"
}

@manual{hdtfuseki,
      title  = "HDT-Fuseki",
      url    = "https://github.com/rdfhdt/hdt-java/tree/master/hdt-fuseki",
      year   = "Accessed August 31, 2018"
}

@manual{ldfserver,
      title  = "Github - LinkedDataFragments/Server.js A Triple Pattern Fragments server for JavaScript",
      author = "Ruben Verborgh",
      url    = "https://github.com/LinkedDataFragments/Server.js",
      year   = "Accessed August 31, 2018"
}

@manual{ldfclient,
      title  = "Github - LinkedDataFragments/Client.js A JavaScript client for Triple Pattern Fragments interfaces.",
      author = "Ruben Verborgh",
      url    = "https://github.com/LinkedDataFragments/Client.js",
      year   = "Accessed August 31, 2018"
}

@manual{dbengines,
      title  = "DB-Engines Ranking - popularity ranking of database management systems.",
      url    = "http://db-engines.com/en/ranking",
      year   = "Accessed August 31, 2018"
}

@manual{wikidataranking,
      title  = "Confirm selection of Blazegraph for wikidata query",
      url    = "https://phabricator.wikimedia.org/T90101",
      year   = "Accessed August 31, 2018"
}

@manual{awsmarketplace,
      title  = "AWS Marketplace",
      url    = "https://aws.amazon.com/marketplace/",
      year   = "Accessed August 31, 2018"
}

@manual{dockerhub,
      title  = "Docker Hub",
      url    = "https://hub.docker.com/",
      year   = "Accessed August 31, 2018"
}

@manual{virtuoso,
      title  = "AWS Marketplace - Virtuoso Universal Server 7.x (Enterprise -- Cloud PAGO Edition)",
      url    = "https://aws.amazon.com/marketplace/pp/B011VMCZ8K",
      year   = "Accessed August 31, 2018"
}

@manual{graphdb,
      title  = "AWS Marketplace - GraphDB Cloud v7.0.1",
      url    = "https://aws.amazon.com/marketplace/pp/B00OM7VXGW",
      year   = "Accessed August 31, 2018"
}

@manual{dockerhubldfserver,
      title  = "linkeddatafragments/server.js - Docker Hub",
      url    = "https://hub.docker.com/r/linkeddatafragments/server.js/",
      year   = "Accessed August 31, 2018"
}

@manual{hdtcpp,
      title  = "rfdhdt/hdt-cpp - Docker Hub",
      url    = "https://hub.docker.com/r/rfdhdt/hdt-cpp/builds/",
      year   = "Accessed August 31, 2018"
}

@manual{virtuosoos,
      title  = "tenforce/virtuoso - Docker Hub",
      url    = "https://hub.docker.com/r/tenforce/virtuoso/",
      year   = "Accessed August 31, 2018"
}

@manual{dockerblazegraph,
      title  = "laurensdv/docker-blazegraph",
      url    = "https://github.com/laurensdv/docker-blazegraph/tree/master/2.1.2",
      year   = "Accessed August 31, 2018"
}

@manual{sparqlquerybm,
      title  = "SPARQL Query Benchmarker - Sourceforge",
      url    = "https://sourceforge.net/projects/sparql-query-bm/",
      year   = "Accessed August 31, 2018"
      author = "Rob Vesse"
}

@manual{ec2,
      title  = "Amazon EC2 Instance Types",
      url    = "https://aws.amazon.com/ec2/instance-types/",
      year   = "Accessed August 31, 2018"
}

@manual{hdtfuseki,
      title  = "Docker image created for fuseki hdt installation",
      url    = "https://github.com/drdwitte/benchmarking_biom_semantics/tree/master/setup/endpoints/FusekiHDT",
      year   = "Accessed August 31, 2018"
}

@manual{bmresults,
      title  = "Detailed overview all benchmarks",
      url    = "http://users.elis.ugent.be/drdwitte/resultscsv.html",
      year   = "Accessed August 31, 2018"
}

@manual{fmatrix,
      title  = "Feature Matrix",
      url    = "https://users.elis.ugent.be/drdwitte/featurematrix.html",
      year   = "Accessed August 31, 2018"
}

@manual{deploy,
      title  = "Deployment Info",
      url    = "https://users.elis.ugent.be/drdwitte/deployment.html",
      year   = "Accessed August 31, 2018"
}


@manual{jupyter,
      title  = "Project Jupyter",
      url    = "http://jupyter.org/",
      year   = "Accessed August 31, 2018"
}

@manual{bmpostprocessing,
      title  = "Postprocessing: Jupyter notebooks",
      url    = "http://users.elis.ugent.be/drdwitte/postprocessing.html",
      year   = "Accessed August 31, 2018"
}

@manual{conjunctive,
      title  = "Conjunctive Query - Wikipedia",
      url    = "https://en.wikipedia.org/wiki/Conjunctive_query#Relationship_to_other_query_languages",
      year   = "Accessed August 31, 2018"
}

@manual{ETL,
      title  = "Extract-Transform-Load - Wikipedia",
      url    = "https://en.wikipedia.org/wiki/Extract,_transform,_load",
      year   = "Accessed August 31, 2018"
}

@manual{blazegraphgpu,
      title  = "Blazegraph GPU",
      author = "Philip Howard",
      url    = "https://www.blazegraph.com/whitepapers/Blazegraph-gpu_InDetail_BloorResearch.pdf",
      year   = "Accessed August 31, 2018"
}

@manual{nginx,
      title  = "NGINX - High Performance Load Balancer, Web Server and Reverse Proxy",
      url    = "https://www.nginx.com/",
      year   = "Accessed August 31, 2018"
}

@manual{sklearndtree,
      title  = "Decision Trees - Scikit-Learn",
      url    = "http://scikit-learn.org/stable/modules/tree.html",
      year   = "Accessed August 31, 2018"
}




